% Bibliography for the Spin the Web Book
% BibTeX format references

@book{fielding2000architectural,
  title={Architectural styles and the design of network-based software architectures},
  author={Fielding, Roy Thomas},
  year={2000},
  publisher={University of California, Irvine}
}

@article{berners1994universal,
  title={Universal resource identifiers in WWW},
  author={Berners-Lee, Tim and Masinter, Larry and McCahill, Mark},
  journal={Request for Comments},
  volume={1630},
  year={1994}
}

@book{gamma1994design,
  title={Design patterns: elements of reusable object-oriented software},
  author={Gamma, Erich and Helm, Richard and Johnson, Ralph and Vlissides, John},
  year={1994},
  publisher={Addison-Wesley}
}

@inproceedings{pautasso2008restful,
  title={RESTful web services vs. big web services: making the right architectural decision},
  author={Pautasso, Cesare and Zimmermann, Olaf and Leymann, Frank},
  booktitle={Proceedings of the 17th international conference on World Wide Web},
  pages={805--814},
  year={2008}
}

@book{newman2015building,
  title={Building microservices: designing fine-grained systems},
  author={Newman, Sam},
  year={2015},
  publisher={O'Reilly Media}
}

@article{xmlschema2004,
  title={XML Schema Part 1: Structures Second Edition},
  author={{W3C}},
  journal={W3C Recommendation},
  year={2004},
  url={https://www.w3.org/TR/xmlschema-1/}
}

@misc{jsonschema2020,
  title={JSON Schema: A Media Type for Describing JSON Documents},
  author={Wright, Austin and Andrews, Henry and Hutton, Ben and Dennis, Greg},
  year={2020},
  url={https://json-schema.org/specification.html}
}
